@article{Dahl2012Context-DependentRecognition,
    title = {{Context-Dependent Pre-Trained Deep Neural Networks for Large-Vocabulary Speech Recognition}},
    year = {2012},
    journal = {IEEE TRANSACTIONS ON AUDIO, SPEECH, AND LANGUAGE PROCESSING},
    author = {Dahl, George E and Yu, Dong and Member, Senior and Deng, Li and Acero, Alex},
    number = {1},
    volume = {20},
    url = {http://ieeexplore.ieee.org.},
    doi = {10.1109/TASL.2011.2134090}
}

@article{Morgan2012DeepRecognition,
    title = {{Deep and Wide: Multiple Layers in Automatic Speech Recognition}},
    year = {2012},
    journal = {IEEE TRANSACTIONS ON AUDIO, SPEECH, AND LANGUAGE PROCESSING},
    author = {Morgan, Nelson},
    number = {1},
    pages = {7},
    volume = {20},
    doi = {10.1109/TASL.2011.2116010}
}

@article{Hannun2014DeepRecognition,
    title = {{Deep Speech: Scaling up end-to-end speech recognition}},
    year = {2014},
    author = {Hannun, Awni and Case, Carl and Casper, Jared and Catanzaro, Bryan and Diamos, Greg and Elsen, Erich and Prenger, Ryan and Satheesh, Sanjeev and Sengupta, Shubho and Coates, Adam and Ng, Andrew Y.},
    month = {12},
    url = {http://arxiv.org/abs/1412.5567},
    arxivId = {1412.5567}
}

@article{DengRECENTMICROSOFT,
    title = {{RECENT ADVANCES IN DEEP LEARNING FOR SPEECH RESEARCH AT MICROSOFT}},
    author = {Deng, Li and Li, Jinyu and Huang, Jui-Ting and Yao, Kaisheng and Yu, Dong and Seide, Frank and Seltzer, Michael L and Zweig, Geoff and He, Xiaodong and Williams, Jason and Gong, Yifan and Acero, Alex},
    keywords = {Index Terms-deep learning, convolution, dialogue, multilingual, neural network, spectral features, speech recognition}
}